2884 4702
251 404 382 470 cxxx·
631 398 943 467 rnonnuons'nuu.'
1022 412 1026 425 ‘
1060 460 1075 487 ι

276 565 431 634 Bellum
449 559 723 651 sclavinorum
742 560 1100 631 Thessalonicenses
1119 564 1309 645 quartum.

329 692 365 758 rt
391 689 570 759 brevissimo
595 707 665 780 post
689 692 870 759 antecedens
890 686 1184 756 bellum'intervallo
1204 688 1332 774 ingruit.

251 794 388 864 sclavini
407 792 498 878 enirn,
517 792 642 883 infamia
660 797 758 862 clariis
777 812 930 884 acceptae,
951 797 1021 863 «lein
1042 796 1226 883 captivorum
1245 800 1333 882 fuga,

252 898 499 968 Thessalonicam
512 899 685 985 petentium,
700 901 885 984 exacerbari,
899 903 1016 986 legatos
1034 900 1332 989 (ἀποκρισιαρὶους)

251 998 293 1073 ιι]
305 1007 475 1071 Averorum
495 1002 663 1086 choganum
683 1028 749 1069 cum
769 1005 870 1071 multis
890 1007 1063 1073 muneribus
1081 1008 1217 1091 mittunt,
1247 1031 1336 1074 eum·

252 1096 312 1201 que
339 1108 379 1175 aul
403 1107 517 1173 bellum
537 1106 811 1199 Thessalonicense
837 1094 1011 1196 impellunt,
1039 1110 1102 1177 alia
1122 1114 1334 1196 emolumenta,
1362 1166 1365 1181 .

146 1272 153 1293 ι
252 1236 320 1279 curu
341 1236 359 1279 e
378 1210 509 1301 propriis
527 1210 655 1298 opibus,
682 1227 745 1279 turn
765 1236 805 1279 ex
826 1212 918 1296 urbe,
944 1213 973 1279 si
992 1236 1063 1287 eanr,
1078 1217 1248 1306 cepissent,
1267 1217 1337 1303 regi

253 1312 471 1408 promittentes.
511 1316 764 1403 ignominiosum,
785 1315 906 1382 aiebant
913 1362 925 1398 ,
951 1313 1120 1386 Auarorum
1139 1321 1266 1411 principi
1285 1322 1336 1387 fo-

253 1424 306 1506 r'e,
334 1421 383 1505 si,
414 1420 554 1490 omnibns
581 1420 755 1489 civitatrbus
781 1419 973 1488 circumcirca
996 1422 1142 1507 vastatis,
1170 1425 1247 1508 haec
1266 1425 1344 1492 sola.

254 1542 443 1614 superesset,
472 1551 635 1614 omnesque
654 1525 743 1609 lstri,
771 1522 962 1605 Pannoniae,
989 1524 1120 1610 Daciae,
1150 1524 1336 1612 Dardaniae,

254 1631 382 1697 aliarum
406 1630 562 1717 regionum
583 1632 726 1718 perfugas
752 1627 923 1715 reciperet,
944 1629 1036 1715 inque
1055 1629 1124 1697 sinu
1142 1655 1198 1697 suo
1216 1632 1337 1698 foveret

257 1738 347 1817 (ΑΛ.
369 1738 427 1823 SS,
447 1734 471 1801 1.
492 1757 520 1801 ι.
541 1757 609 1823 cap.
626 1736 697 1802 169.
717 1757 750 1821 p.
768 1733 869 1813 loa).
910 1733 1059 1799 Alacriter
1078 1734 1232 1820 chaganus
1252 1736 1335 1801 inte·

255 1843 352 1913 riores
367 1839 485 1929 imperii
501 1838 549 1907 soi
564 1841 711 1921 nationes,
727 1860 787 1903 uua
805 1860 872 1902 cunr
886 1836 1106 1920 sclavinorum,
1122 1838 1336 1924 Bulgaroru'nr,

255 1945 381 2014 aliarum
402 1942 535 2030 gentium
552 1943 740 2023 multitudine
755 1943 908 2025 collectas,
927 1956 996 2028 post
1015 1941 1168 2013 biennium
1187 1942 1337 2009 adversus

256 2038 507 2115 Thessalonicam
532 2048 695 2130 instruxit,
723 2047 890 2136 praemisso
915 2047 1067 2133 equitatu,
1098 2047 1151 2133 qui
1170 2049 1209 2112 ad
1230 2046 1336 2113 urbem

204 2150 405 2238 sevastanrlo
430 2174 467 2218 ac
485 2150 641 2217 velitando
661 2146 845 2237 accenderet,
867 2151 970 2245 ¹ipsum
991 2172 1064 2216 vero
1084 2148 1336 2243 exercitumana·

176 2317 179 2323 .
256 2250 470 2345 chinarumque
490 2257 664 2323 bellicarum
684 2242 858 2342 apparatum
879 2270 1068 2343 exspectaret
1087 2257 1174 2335 (ΔΑ.
1188 2254 1246 2319 SS.
1263 2253 1288 2321 l.
1306 2275 1335 2320 c.

256 2386 325 2450 cap.
314 2348 424 2429 ..170
438 2385 470 2450 ιι
491 2360 594 2444 167).
634 2364 767 2427 Mensem
796 2380 833 2430 ea
853 2371 1028 2452 tempestate
1048 2357 1338 2425 Thessalonicenses

256 2452 388 2555 agebant
401 2466 478 2549 ⁶⁶),
504 2486 596 2563 quum
622 2463 698 2531 hora
724 2463 786 2529 diei
813 2460 929 2557 quinta
944 2462 1139 2561 barbarorum
1157 2463 1274 2549 equites
1295 2484 1337 2528 ex

185 2562 190 2571 ’
255 2570 422 2658 improviso
447 2569 654 2675 irrumperent.
703 2567 906 2634 Hominum
894 2591 927 2634 sn
955 2568 1039 2655 agris
1067 2567 1251 2634 versantium
1280 2564 1337 2631 ulii

256 2673 382 2797 pecati,
402 2673 456 2743 alii
482 2696 549 2738 curn
570 2668 715 2773 jumentis
734 2666 916 2758 reliquisque
935 2654 1115 2763 utensilibus
1135 2670 1225 2758 capti.
1266 2668 1338 2735 Fuit

256 2776 288 2845 in
309 2777 385 2843 urbe
403 2776 497 2842 multa
517 2776 738 2858 consternatio,
757 2798 845 2867 quam
865 2776 952 2842 Naisi
971 2777 1112 2857 (Niasae)
1132 2775 1336 2871 Sarrlieaeque

257 2864 450 2967 (Triaditaoe
470 2880 682 2964 Bulgarorum,
703 2902 782 2945 nunc
801 2878 998 2977 Sophiae)
970 2903 1053 2946 erres
1074 2860 1195 2967 quidam
1214 2864 1338 2967 profugi

257 2986 425 3071 augebant,
446 2983 691 3069 barbarororum
712 2971 921 3072 oppugnandis
941 2983 1121 3050 urbibus
1085 3006 1150 3052 vrm
1167 2981 1337 3048 solertiam·

258 3114 318 3179 que
337 3084 481 3155 invictam
495 3104 662 3155 narrantes.
693 3092 812 3154 Verum
826 3091 953 3155 loannes
962 3070 1224 3179 archiepiscopus,
1246 3074 1336 3169 ιιιιειιΙ

257 3193 463 3263 antecedentis
483 3191 559 3259 belli
577 3190 703 3259 historia
721 3192 896 3259 memoravit
917 3198 963 3280 (ιι.
979 3190 1120 3279 LXXll.
1123 3192 1156 3270 ),
1184 3212 1247 3254 rem
1267 3210 1336 3254 sere

259 3302 386 3387 gravate
401 3298 483 3363 haurl
500 3296 624 3379 ferre,
612 3290 645 3362 sn
661 3300 757 3360 Deum
771 3317 846 3361 vero
858 3297 1060 3385 Sanctumque
1073 3293 1255 3361 Demetrium
1271 3314 1337 3359 onr-

258 3426 329 3471 uem
353 3426 437 3501 spem
457 3400 605 3493 conjicere
625 3382 889 3487 praeseferens,
918 3398 1165 3465 corroboratis
1137 3397 1248 3464 crvium
1268 3394 1337 3489 uni·

158 3504 160 3507 ’
258 3507 330 3626 apis,
350 3512 416 3572 cum
432 3504 549 3609 reliquo
562 3503 698 3572 exercitu
715 3502 747 3568 in
762 3503 917 3569 moenibus
933 3488 1083 3570 manebat.
1114 3504 1241 3587 Jamque
1260 3523 1337 3586 pau·

260 3608 306 3676 sic
325 3609 431 3676 diebus
447 3620 515 3697 post
534 3631 600 3676 cum
619 3605 718 3674 omnio
733 3607 773 3673 ad
792 3605 989 3674 resistendum
1007 3622 1111 3703 parata
1132 3619 1251 3691 essent,
1270 3602 1336 3703 ipse

264 3719 506 3735 *tantun—-

298 3785 343 3840 ⁶⁶)
367 3778 519 3839 Vindemia
542 3780 654 3838 illarum
678 3777 773 3851 regio·
822 3794 870 3845 cra
886 3779 968 3834 aulae
983 3775 1160 3850 Byzantinae
1177 3770 1338 3830 vindmia·

261 3880 332 3920 nnm
355 3863 385 3918 iu
403 3867 600 3937 Septembrem
621 3867 680 3922 sere
700 3864 774 3920 inci·
821 3861 859 3919 lia
878 3863 978 3919 tribuit
995 3865 1168 3918 Graecorum
1186 3857 1288 3913 rituale
1306 3871 1338 3927 p.

262 3948 321 4018 dit,
343 3950 406 4003 coll.
428 3949 547 4006 historia
566 3949 633 4006 belli
654 3949 775 4027 secundi
820 3950 882 4006 694.
912 3950 958 4004 ed.
986 3950 1071 4002 Goar.
1111 3941 1231 4003 *Mensis
1254 3939 1338 3998 Iunio

260 4052 293 4113 ιι.
307 4036 372 4092 LXI
384 4049 432 4109 sq.
463 4037 596 4110 numum
614 4034 711 4095 mensi
726 4051 774 4096 ιι·
821 4032 996 4111 assignanda
1013 4028 1078 4089 crit.
