2862 4702
247 422 404 482 x'u
466 401 472 407 ’
539 388 563 407 ⁹
631 430 942 483 usosssoorsoss

248 583 315 665 ejus
335 591 440 645 scotor
458 577 499 643 als
517 577 699 700 imperptors
717 580 813 663 Dsciu
830 592 895 646 reto
914 581 1019 642 seculo
1038 578 1149 657 distet,
1171 578 1242 663 plus
1260 578 1327 642 muk-

247 681 342 751 atcnti
359 681 469 763 salar,
488 702 579 767 quarn
599 705 626 748 sr
617 683 730 747 Decii
750 706 838 749 asso
834 684 977 769 scriptus
996 698 1089 752 esset.
1128 683 1229 750 Vides
1245 683 1328 749 enim

146 860 149 875 ¹
238 788 302 856 sel
328 789 456 853 seculo
452 802 565 873 quarte
594 787 844 854 Thessalonicam
865 788 993 856 urben
990 789 1042 871 (is
1063 788 1174 855 loliani
1186 784 1326 865 sensas)

239 893 311 979 fdici
329 914 400 958 vers
418 882 588 958 Graecam.
637 952 641 966 ,
703 926 706 935 ¹

330 1020 446 1081 Verum
460 1012 521 1079 lrsc
541 1012 760 1082 dissertationis
773 1029 899 1082 nostras
917 1028 1003 1104 porte
1021 1014 1218 1113 praeblanda
1234 1038 1330 1102 quae·

109 1161 112 1170 ·
247 1122 325 1188 dam
333 1122 372 1185 de
384 1106 616 1205 metropoleos
598 1112 729 1201 nomine,
750 1122 830 1206 quod
845 1120 926 1208 'apud
941 1134 1060 1186 veteres
1071 1120 1124 1186 isti
1138 1120 1254 1186 civitati
1265 1146 1327 1189 aon

247 1227 343 1297 semel
367 1223 525 1289 tribuitur·
555 1222 776 1306 diligentiorem
796 1223 886 1310 liujus
906 1223 1061 1307 dignitatis
1081 1225 1325 1310 ponderationem

247 1329 327 1418 parti
342 1325 568 1412 geographicae
589 1330 635 1412 (p.
651 1326 801 1407 2845.)
823 1350 1024 1394 reservamus.
1064 1328 1205 1393 Matrem
1230 1328 1328 1394 aalide

237 1430 461 1502 'Macedoniae
481 1437 622 1521 (antipas
643 1436 700 1519 τῆς
720 1432 829 1516 πάσης
845 1481 882 1502 ..
903 1436 1132 1515 Μακεδονίης)
1154 1432 1324 1520 Antipatro,

236 1548 358 1627 'poetae
383 1537 648 1604 Thessaloniceosl
673 1540 730 1604 sub
756 1539 871 1606 Christi
898 1538 1026 1623 natalis,
1062 1539 1167 1605 urbem
1193 1552 1325 1604 nostram

248 1642 366 1725 audire,
380 1664 471 1730 supra
484 1642 651 1708 monuimus
664 1666 695 1729 p.
705 1635 849 1710 xxvll.
870 1644 961 1725 Quod
972 1668 1079 1709 nomen
1093 1640 1188 1726 magis
1199 1641 1327 1728 opules-

237 1749 321 1812 ·tiam
342 1748 428 1831 ejus,
461 1750 549 1832 quarn
570 1745 746 1830 dignitatem
766 1771 840 1813 vere
854 1746 978 1814 'civilem
1002 1771 1039 1813 ae
1058 1746 1208 1835 politicam
1229 1744 1325 1831 sigui·

107 1844 110 1849 ¹
195 1853 352 1931 29ficare,
375 1864 499 1916 nonest
520 1851 600 1935 quod
622 1852 632 1912 ll
655 1851 751 1916 lusius
771 1874 920 1921 moneam.
947 1851 1047 1917 Aliter
1068 1854 1106 1916 de
1123 1852 1328 1934 metropoleos

239 1954 369 2019 ‘nomine
384 1954 582 2038 judicandum
601 1970 664 2035 est,
686 1957 766 2040 quod
785 1971 886 2022 tamen
906 1980 965 2022 non
985 1970 1055 2022 ante
1076 1955 1195 2021 tertium
1211 1952 1327 2020 christi

249 2058 384 2122 seculum
404 2057 437 2122 irs
453 2057 768 2126 Tlressolouiccnsium
787 2060 987 2126 monumentis
1007 2072 1174 2141 occurrere,
1196 2061 1328 2145 eSpau·
1390 2056 1393 2061 ’

249 2160 349 2226 hemis
376 2175 492 2228 condat
516 2162 607 2240 (Orb.
635 2169 724 2230 Rom.
753 2165 880 2232 exercit.
903 2170 945 2233 ll.
973 2186 1041 2249 cap.
1063 2166 1124 2232 lX.
1152 2163 1203 2229 ed.
1223 2161 1351 2249 Lond4

218 2252 220 2259 '
249 2289 281 2351 p.
299 2266 391 2347 asu,
414 2268 487 2331 cuc
503 2267 634 2333 nosset.
657 2273 698 2334 u.
716 2273 760 2334 v.
780 2272 820 2336 Ν.
841 2273 881 2336 τ.
899 2272 929 2336 2.
951 2292 981 2356 p.
999 2249 1078 2347 so).
1120 2272 1161 2331 ns
1176 2286 1328 2330 menora-

235 2369 381 2439 'lrllesst
400 2371 432 2437 in
451 2372 508 2436 lrac
524 2394 569 2455 re,
590 2373 671 2458 quod
691 2372 782 2436 iidem
802 2372 1012 2460 imperatorum
1031 2360 1328 2437 cessissemusn-

208 2469 212 2477 ’
249 2499 373 2556 censes,
403 2474 456 2560 qui
483 2476 636 2543 civitatem
663 2489 795 2541 nostram
820 2471 968 2543 coloniam
994 2476 1114 2556 dicunt,
1150 2495 1217 2539 cant
1237 2470 1328 2537 simul

247 2581 449 2666 metropoleos
468 2581 589 2646 nomiae
609 2596 733 2663 ornant,
753 2580 915 2646 Valeriani
934 2580 1074 2665 iuquam,
1095 2576 1246 2659 Gallieni,
1267 2579 1328 2642 Sa·

247 2682 371 2749 lonicae
389 2682 505 2764 (Ecklr.
524 2683 591 2750 l.‘c.
604 2685 759 2750 ‘Miouucs
781 2685 923 2772 descript.
944 2685 983 2749 de
1002 2681 1136 2749 mddaill.
1156 2694 1220 2747 ast.
1241 2683 1281 2744 T.
1295 2684 1325 2746 T.

208 2850 212 2865 ,
247 2810 279 2872 p·
297 2787 399 2867 504.).
447 2788 508 2852 Sed
529 2801 599 2852 ante
618 2786 888 2873 lsos'imperatores
905 2786 1053 2853 Hercuuil
1072 2782 1327 2850 Thessalonicen·

40 2956 48 2964 ,
183 2915 184 2920 ¹
247 2891 294 2958 sis
317 2912 424 2957 sumus
450 2888 542 2976 (imp.
567 2890 685 2972 neeis)
712 2906 904 2963 neocoratum
931 2907 962 2957 et
988 2889 1187 2978 metropoleos
1215 2908 1325 2950 nomen

241 2994 363 3080 jungit,
391 2993 462 3058 coll.
488 2994 588 3060 Eclslr.
618 2995 641 3062 l.
660 3018 687 3060 c.
729 2998 764 3060 lu
788 3018 878 3060 numo
903 3010 1002 3061 sutem
1033 2992 1117 3059 urbis
1144 3005 1323 3071 autonomo,
1419 3016 1420 3021 ¹

248 3097 300 3183 qui
327 3111 427 3163 tamen
448 3095 553 3182 judice
578 3099 728 3165 Ecltlreliu
748 3102 772 3165 l.
793 3122 821 3165 c.
846 3122 884 3185 p.
897 3100 949 3165 78.
971 3098 1058 3168 Decii
1078 3116 1172 3185 reguo
1192 3095 1248 3161 vix
1267 3115 1325 3193 aas

245 3200 358 3287 tiquior
378 3214 444 3282 est,
472 3202 578 3279 eadem
599 3203 720 3269 uomina
738 3205 928 3290 copulantur.

326 3305 436 3373 Gothis
454 3305 744 3374 Thessalonicenses
763 3308 880 3382 fortiter
898 3305 1064 3391 restitisse,
1091 3326 1184 3393 supra
1203 3301 1328 3369 monui·

237 3429 311 3472 naus
333 3432 364 3492 p.
383 3412 567 3490 xxxvia
589 3414 674 3495 cujus
688 3413 787 3477 leudis
802 3410 916 3498 partem
931 3411 1068 3474 coloniae
1082 3431 1101 3474 a
1116 3409 1211 3474 Decio
1224 3408 1323 3493 impa-

243 3528 361 3594 natore,
401 3512 453 3596 qui
483 3536 549 3578 cum
579 3516 687 3580 Gutlris
716 3516 858 3603 deinceps
881 3515 914 3580 in
934 3494 1052 3578 Moesia
1074 3510 1260 3591 decertavit,
1290 3510 1325 3576 in
1418 3550 1419 3561 .

242 3616 347 3680 urbem
376 3617 523 3705 deductas
558 3618 681 3699 deberi,
718 3645 777 3685 nou
807 3633 854 3687 est
886 3618 965 3704 quod
994 3617 1084 3683 valde
1114 3613 1319 3682 addrtlsitetur.

242 3721 352 3787 l‘aucis
373 3722 459 3786 anuis
481 3722 644 3806 interjectis
663 3722 724 3789 alis
744 3722 877 3807 sequitur
897 3722 1065 3789 Gothorum
1084 3718 1220 3796 obsidio,
1249 3717 1322 3785 lure·

191 3848 200 3865 ⁶
243 3827 325 3892 sites
343 3841 505 3891 memorata
521 3828 675 3894 Trebellio
690 3826 819 3891 Pollioni
838 3825 870 3890 in
888 3825 1018 3891 claudio
1034 3847 1101 3910 esp.
1112 3825 1165 3889 ss
1187 3825 1323 3905 Pugna-

117 3932 118 3935 ’
242 3945 309 3997 ium
328 3930 417 4012 opud
435 3926 738 4009 Thessalonicenses,
758 3950 833 4014 paros
848 3929 983 3995 Gluarllo
998 3931 1124 3995 uberate
1138 3928 1324 3994 odardum

242 4035 382 4102 lardum.
439 4032 579 4102 Pleniors
602 4034 753 4102 Zosimus
768 4046 901 4124 praestat
927 4035 999 4102 lrist.
1020 4032 1148 4117 1‚4s.'=
1179 4028 1242 4101 Arsi
1268 4055 1324 4102 ses
