2862 4700
540 430 545 435 ·
584 430 589 436 ·
636 426 861 509 lurum.
1102 442 1105 443 f
1197 403 1307 497 [caua

640 889 783 970 ,CAR
808 891 861 970 ll.

446 1070 684 1132 accusamus
704 1074 1077 1147 vusseuuourcausrs.

677 1226 850 1245 ..ιαμ-μ·-

301 1359 487 1448 Quicumque
502 1361 788 1431 Thessalonicensis
810 1386 877 1429 mea
897 1362 928 1428 in
949 1360 1195 1428 antecedentibus
1211 1365 1303 1430 erol-

219 1454 285 1548 iit',
319 1465 410 1551 hujus
435 1460 495 1532 viri
524 1489 631 1533 nomen
659 1468 692 1532 in
720 1467 834 1554 quavis
858 1468 922 1533 sere
949 1466 1061 1555 pagina
1090 1465 1302 1554 deprehendit.
1413 1502 1414 1551 q

219 1573 336 1659 Tantus
364 1570 443 1636 enirn
468 1568 644 1658 scriptorum
673 1570 738 1655 ejus
763 1568 909 1636 minorum
937 1594 964 1636 s.
986 1569 1194 1657 opusculorum
1213 1593 1232 1635 a
1252 1589 1315 1638 me*

218 1674 365 1745 editorum
392 1696 465 1739 usus
492 1689 539 1741 est
563 1673 602 1740 ad
623 1675 830 1760 exponendam
850 1674 1007 1740 historiam
1026 1688 1117 1759 atque
1136 1675 1302 1759 antiquita·
1413 1744 1414 1753 χ

217 1792 278 1845 tem
298 1777 620 1861 Thessalonicensem,
648 1778 739 1843 immo
765 1777 855 1844 etiam
876 1777 1095 1867 Byzantium,
1124 1792 1156 1842 ut
1182 1794 1302 1866 praeter

217 1892 293 1950 Acta
313 1886 348 1952 S.
368 1880 515 1949 Demetrii
534 1882 580 1949 nil
599 1878 739 1969 equidem
752 1883 946 1966 invenerim,
968 1907 1026 1968 quo
1047 1881 1179 1947 civitatis
1198 1883 1301 1974 inoly·
1413 1886 1414 1899 ³

216 2001 265 2053 tae
285 1992 350 2052 iata
368 1986 475 2052 melius
487 1985 635 2052 illustrari
652 2003 773 2071 queant,
795 2011 883 2072 quarn
904 2011 941 2052 ea
960 1987 1027 2075 ipsa
1046 1985 1211 2052 doctissimi
1230 2010 1299 2053 om-
1413 1976 1414 2015 ¹

216 2088 297 2156 nium
318 2088 552 2158 Thessalonicae
572 2095 742 2176 praesulum
762 2107 962 2158 monumenta.
1149 2176 1153 2183 .

295 2186 444 2285 Estos‘oue
463 2193 639 2259 Eustatlrius
660 2190 812 2259 hominum
833 2194 1015 2259 eruditorum
1033 2194 1104 2260 aevi
1121 2193 1298 2260 comnenici

215 2298 369 2384 vergentis
389 2297 528 2385 princeps
546 2311 636 2384 atque
652 2298 877 2383 antesignanus,
898 2299 1015 2384 fuitque
1030 2299 1095 2384 ejus
1109 2298 1190 2385 apud
1206 2321 1297 2364 coee-

102 2430 105 2435 ’
215 2427 273 2469 vos
297 2417 380 2468 tanta
406 2402 589 2484 auctoritas,
619 2417 674 2482 ut,
698 2403 749 2487 qui
774 2402 862 2467 istam
889 2390 1032 2469 historiae
1059 2415 1174 2490 partem
1204 2402 1295 2468 novis

216 2510 395 2594 quandoque
415 2506 494 2571 curis
513 2521 627 2573 tentare
649 2509 763 2586 volent,
780 2506 929 2591 penitiore
949 2505 1159 2592 disquisitione
1180 2504 1218 2570 de
1236 2504 1302 2575 viri,

216 2613 332 2697 egregii
353 2612 416 2678 vita
436 2610 633 2696 supersedere
653 2635 713 2695 non
734 2633 823 2698 posse
846 2612 920 2675 mihi
941 2610 1111 2677 videantur·

296 2720 372 2780 llam
404 2736 525 2801 operam
552 2714 613 2778 alio
642 2728 793 2801 tempore,
824 2713 852 2778 si
877 2718 944 2779 lleo
972 2713 1136 2800 placuerit,
1172 2712 1296 2779 uberius

215 2817 394 2907 praestabo:
425 2815 523 2879 haheo
550 2819 628 2879 enirn
656 2819 728 2881 satis
755 2817 867 2896 multa,
899 2819 1007 2901 quibus
1033 2833 1065 2882 ut
1092 2815 1296 2884 iirndamentis

215 2922 392 3009 quibusdam
410 2919 452 2984 uti
468 2919 574 3006 poterit
590 2921 737 3003 ejusmodi
753 2920 918 2985 ventilatio.
949 2923 1072 2987 'iuterim
1088 2922 1118 2986 in
1133 2920 1294 3009 propositis

214 3025 324 3106 haheo,
336 3025 387 3089 isti
400 3023 545 3106 volumini
560 3024 670 3090 libellis
684 3023 861 3110 quibusdam
876 3008 1054 3091 coaevorum
1069 3025 1191 3091 ineditis
1205 3047 1295 3112 prae·
1413 3060 1414 3071 r

214 3129 336 3209 ludera,
358 3129 409 3214 qui
429 3151 478 3193 res
498 3144 588 3212 atque
608 3129 699 3194 vitam
721 3130 872 3195 Eustothii
891 3144 1043 3218 spectant,
1063 3153 1123 3194 non
1142 3131 1292 3215 ingratum

215 3233 349 3298 facturus
384 3233 442 3299 tsic
469 3236 573 3318 spero)
607 3232 777 3298 hominihus
809 3234 1008 3315 doctioribus,
1043 3233 1188 3322 imprimis
1216 3254 1292 3300 vero

217 3336 342 3402 Graecis
356 3335 573 3417 Macedonicis,
589 3360 712 3421 quorum
730 3340 858 3423 majores
874 3336 1078 3424 metropolitae
1090 3337 1184 3403 nostri
1200 3359 1291 3426 prae·

216 3441 303 3505 conio
331 3441 453 3527 egregie
472 3439 651 3523 illuminati,
680 3441 805 3527 ejusque
832 3443 942 3508 virtute
969 3451 1030 3507 non
1055 3444 1148 3508 semel
1175 3434 1290 3508 tantum

215 3564 235 3611 a
255 3542 348 3610 variis
369 3567 468 3610 rerum
487 3543 683 3609 incommodis
703 3545 820 3610 dolensi
840 3563 920 3614 sunt.

292 3649 382 3730 Quod
402 3649 435 3715 ut
454 3648 506 3716 ria
525 3663 555 3714 et
574 3648 690 3715 ratione
708 3650 867 3737 procedat,
889 3651 1051 3739 repetenda
1070 3649 1188 3718 videtur
1207 3646 1289 3714 noti·

212 3789 454 3805 m

265 3867 296 3934 *)
326 3864 490 3937 Eustathii‚
526 3833 723 3939 metropolitae
773 3867 926 3940 scriptores
943 3871 1097 3924 Panaretus
1118 3873 1147 3922 et
1160 3862 1288 3938 Eugeui·

213 3949 494 4021 Thessalonicensis,
505 3956 651 4022 opusculo.
667 3957 724 4008 ,tc-
774 3970 836 4011 cus.
870 3954 1000 4012 Francos.
1021 3954 1057 4009 ad
1074 3956 1119 4010 M·
1138 3955 1216 4008 1832.

214 4037 319 4094 cedunt
337 4035 568 4106 Trapezuutiuae
587 4037 724 4096 historiae
